@inproceedings{graves2006connectionist,
  title={Connectionist temporal classification: labelling unsegmented sequence data with recurrent neural networks},
  author={Graves, Alex and Fern{\'a}ndez, Santiago and Gomez, Faustino and Schmidhuber, J{\"u}rgen},
  booktitle={Proceedings of the 23rd international conference on Machine learning},
  pages={369--376},
  year={2006}
}
@article{baevski2020wav2vec,
  title={wav2vec 2.0: A framework for self-supervised learning of speech representations},
  author={Baevski, Alexei and Zhou, Yuhao and Mohamed, Abdelrahman and Auli, Michael},
  journal={Advances in neural information processing systems},
  volume={33},
  pages={12449--12460},
  year={2020}
}
@article{baevski2019vq,
  title={vq-wav2vec: Self-supervised learning of discrete speech representations},
  author={Baevski, Alexei and Schneider, Steffen and Auli, Michael},
  journal={arXiv preprint arXiv:1910.05453},
  year={2019}
}
@article{joshi2020state,
  title={The state and fate of linguistic diversity and inclusion in the NLP world},
  author={Joshi, Pratik and Santy, Sebastin and Budhiraja, Amar and Bali, Kalika and Choudhury, Monojit},
  journal={arXiv preprint arXiv:2004.09095},
  year={2020}
}
@article{fleurs2022arxiv,
  title = {FLEURS: Few-shot Learning Evaluation of Universal Representations of Speech},
  author = {Conneau, Alexis and Ma, Min and Khanuja, Simran and Zhang, Yu and Axelrod, Vera and Dalmia, Siddharth and Riesa, Jason and Rivera, Clara and Bapna, Ankur},
  journal={arXiv preprint arXiv:2205.12446},
  url = {https://arxiv.org/abs/2205.12446},
  year = {2022}
}
@article{schmidt2012attention,
  title={Attention, awareness, and individual differences in language learning},
  author={Schmidt, Richard},
  journal={Perspectives on individual characteristics and foreign language education},
  volume={6},
  number={27},
  pages={27--49},
  year={2012}
}
@article{bender2011achieving,
  title={On achieving and evaluating language-independence in NLP},
  author={Bender, Emily M},
  journal={Linguistic Issues in Language Technology},
  volume={6},
  year={2011}
}
@article{pitt2007buckeye,
  title={Buckeye corpus of conversational speech (2nd release)},
  author={Pitt, Mark A and Dilley, Laura and Johnson, Keith and Kiesling, Scott and Raymond, William and Hume, Elizabeth and Fosler-Lussier, Eric},
  journal={Columbus, OH: Department of Psychology, Ohio State University},
  pages={265--270},
  year={2007}
}
@article{zhao2018l2arcit,
  title={L2-arctic: A non-native english speech corpus},
  author={Zhao, Guanlong and Chukharev-Hudilainen, Evgeny and Sonsaat, Sinem and Silpachai, Alif and Lucic, Ivana and Gutierrez-Osuna, Ricardo and Levis, John},
  year={2018}
}
@article{zhang2022l2gen,
  title={L2-gen: A neural phoneme paraphrasing approach to l2 speech synthesis for mispronunciation diagnosis},
  author={Zhang, Daniel and Ganesan, Ashwinkumar and Campbell, Sarah and Korzekwa, Daniel},
  year={2022}
}
@article{gitman2023confidence,
  title={Confidence-based ensembles of end-to-end speech recognition models},
  author={Gitman, Igor and Lavrukhin, Vitaly and Laptev, Aleksandr and Ginsburg, Boris},
  journal={arXiv preprint arXiv:2306.15824},
  year={2023}
}
@article{garofolo1993timit,
  title={TIMIT acoustic-phonetic continuous speech corpus},
  author={Garofolo, John S and Lamel, Lori F and Fisher, William M and Pallett, David S and Dahlgren, Nancy L and Zue, Victor and Fiscus, Jonathan G},
  journal={(No Title)},
  year={1993},
  publisher={Linguistic data consortium}
}
@misc{teanglann,
  author       = {{Foras na Gaeilge}},
  title        = {{Teanglann â€“ Pronunciation Database and Dictionary}},
  year         = {2025},
  url          = {https://www.teanglann.ie/},
  note         = {Accessed: 2025-03-28}
}
@inproceedings{lonergan2022automatic,
  title={Automatic speech recognition for irish: the abair-{\'e}ist system},
  author={Lonergan, Liam and Qian, Mengjie and Berthelsen, Harald and Murphy, Andy and Wendler, Christoph and Chiar{\'a}in, Neasa N{\'\i} and Gobl, Christer and Chasaide, Ailbhe N{\'\i}},
  booktitle={Proceedings of the 4th Celtic Language Technology Workshop within LREC2022},
  pages={47--51},
  year={2022}
}
@article{ardila2019common,
  title={Common voice: A massively-multilingual speech corpus},
  author={Ardila, Rosana and Branson, Megan and Davis, Kelly and Henretty, Michael and Kohler, Michael and Meyer, Josh and Morais, Reuben and Saunders, Lindsay and Tyers, Francis M and Weber, Gregor},
  journal={arXiv preprint arXiv:1912.06670},
  year={2019}
}
@inproceedings{mcauliffe2017montreal,
  title={Montreal Forced Aligner: Trainable Text-Speech Alignment Using Kaldi},
  author={McAuliffe, Michael and Socolof, Matthew and Mihuc, Sarah and Wagner, Michael and Sonderegger, Morgan},
  booktitle={Interspeech 2017},
  year={2017}
}
@book{pisoni2005handbook,
  title={The handbook of speech perception},
  author={Pisoni, David B and Remez, Robert Ellis},
  year={2005},
  publisher={Wiley Online Library}
}
@book{vanpatten2007theories,
  title={Theories in second language acquisition},
  author={VanPatten, Bill and Williams, Jessica},
  year={2007},
  publisher={Routledge New York, NY}
}
@book{arnbjornsdottir2022intelligent,
  title={Intelligent CALL, granular systems and learner data: short papers from EUROCALL 2022},
  author={Arnbj{\"o}rnsd{\'o}ttir, Birna and B{\'e}di, Branislav and Bradley, Linda and Fri{\dh}riksd{\'o}ttir, Kolbr{\'u}n and Gar{\dh}arsd{\'o}ttir, H{\'o}lmfr{\'\i}{\dh}ur and Thou{\"e}sny, Sylvie and Whelpton, Matthew James},
  year={2022},
  publisher={Research-publishing. net}
}
@article{amrate2024computer,
  title={Computer-assisted pronunciation training: A systematic review},
  author={Amrate, Moustafa and Tsai, Pi-hua},
  journal={ReCALL},
  pages={1--21},
  year={2024},
  publisher={Cambridge University Press}
}
@article{baevski2020wav2vec,
  title={wav2vec 2.0: A framework for self-supervised learning of speech representations},
  author={Baevski, Alexei and Zhou, Yuhao and Mohamed, Abdelrahman and Auli, Michael},
  journal={Advances in neural information processing systems},
  volume={33},
  pages={12449--12460},
  year={2020}
}
@inproceedings{liu2023towards,
  title={Towards end-to-end unsupervised speech recognition},
  author={Liu, Alexander H and Hsu, Wei-Ning and Auli, Michael and Baevski, Alexei},
  booktitle={2022 IEEE Spoken Language Technology Workshop (SLT)},
  pages={221--228},
  year={2023},
  organization={IEEE}
}
@article{bajorek2017l2,
  title={L2 pronunciation in CALL: The unrealized potential of Rosetta stone, Duolingo, Babbel, and mango languages},
  author={Bajorek, Joan Palmiter},
  journal={Issues and Trends in Educational Technology},
  volume={5},
  number={1},
  pages={24--51},
  year={2017}
}
@inproceedings{ballier2023using,
  title={Using Whisper LLM for Automatic Phonetic Diagnosis of L2 Speech: A Case Study with French Learners of English},
  author={Ballier, Nicolas and M{\'e}li, Adrien and Amand, Maelle and Yun{\`e}s, Jean-Baptiste},
  booktitle={6th International Conference on Natural Language and Speech Processing (ICNLSP 2023)},
  volume={6},
  number={282-292},
  year={2023}
}
@inproceedings{banno2023proficiency,
  title={Proficiency assessment of L2 spoken English using wav2vec 2.0},
  author={Bann{\`o}, Stefano and Matassoni, Marco},
  booktitle={2022 IEEE Spoken Language Technology Workshop (SLT)},
  pages={1088--1095},
  year={2023},
  organization={IEEE}
}
@inproceedings{banno2023proficiency,
  title={Proficiency assessment of L2 spoken English using wav2vec 2.0},
  author={Bann{\`o}, Stefano and Matassoni, Marco},
  booktitle={2022 IEEE Spoken Language Technology Workshop (SLT)},
  pages={1088--1095},
  year={2023},
  organization={IEEE}
}
@article{bodnar2016evaluating,
  title={Evaluating the motivational impact of CALL systems: Current practices and future directions},
  author={Bodnar, Stephen and Cucchiarini, Catia and Strik, Helmer and van Hout, Roeland},
  journal={Computer Assisted Language Learning},
  volume={29},
  number={1},
  pages={186--212},
  year={2016},
  publisher={Taylor \& Francis}
}
@inproceedings{povey2011kaldi,
  title={The Kaldi speech recognition toolkit},
  author={Povey, Daniel and Ghoshal, Arnab and Boulianne, Gilles and Burget, Lukas and Glembek, Ondrej and Goel, Nagendra and Hannemann, Mirko and Motlicek, Petr and Qian, Yanmin and Schwarz, Petr and others},
  booktitle={IEEE 2011 workshop on automatic speech recognition and understanding},
  year={2011},
  organization={IEEE Signal Processing Society}
}
@inproceedings{boulianne2022phoneme,
  title={Phoneme transcription of endangered languages: an evaluation of recent ASR architectures in the single speaker scenario},
  author={Boulianne, Gilles},
  booktitle={Findings of the Association for Computational Linguistics: ACL 2022},
  pages={2301--2308},
  year={2022}
}
@inproceedings{boulianne2022phoneme,
  title={Phoneme transcription of endangered languages: an evaluation of recent ASR architectures in the single speaker scenario},
  author={Boulianne, Gilles},
  booktitle={Findings of the Association for Computational Linguistics: ACL 2022},
  pages={2301--2308},
  year={2022}
}
@article{oBroin2014new,
  title={New Urban Irish: Pidgin, creole, or bona fide dialect? The phonetics and morphology of city and Gaeltacht speakers systematically compared},
  author={{\'O} Broin, Brian},
  journal={Journal of Celtic Linguistics},
  volume={15},
  number={1},
  pages={69--91},
  year={2014}
}
@article{chasaide2019timebomb,
  title={Can we defuse the digital timebomb? linguistics, speech technology and the irish language community},
  author={Chasaide, Ailbhe N{\'\i} and Chiar{\'a}in, Neasa N{\'\i} and Berthelsen, Harald and Wendler, Christoph and Murphy, Andrew and Barnes, Emily and Gobl, Christer},
  journal={Proceedings of the Language Technologies for All (LT4All)},
  pages={177--181},
  year={2019}
}
@inproceedings{chen2016captlearn,
  title={Computer-assisted pronunciation training: From pronunciation scoring towards spoken language learning},
  author={Chen, Nancy F and Li, Haizhou},
  booktitle={2016 Asia-Pacific Signal and Information Processing Association Annual Summit and Conference (APSIPA)},
  pages={1--7},
  year={2016},
  organization={IEEE}
}
@inproceedings{chen2018e2espeechscore,
  title={End-to-end neural network based automated speech scoring},
  author={Chen, Lei and Tao, Jidong and Ghaffarzadegan, Shabnam and Qian, Yao},
  booktitle={2018 IEEE international conference on acoustics, speech and signal processing (ICASSP)},
  pages={6234--6238},
  year={2018},
  organization={IEEE}
}
@inproceedings{chasaide2015speech,
  title={Speech technology as documentation for endangered language preservation: The case of Irish.},
  author={Chasaide, Ailbhe N{\'\i} and Chiar{\'a}in, Neasa N{\'\i} and Berthelsen, Harald and Wendler, Christoph and Murphy, Andrew},
  booktitle={ICPhS},
  volume={2015},
  pages={18th},
  year={2015}
}
@article{chiarain12016digichaint,
  title={The Digichaint interactive game as a virtual learning environment for Irish},
  author={Chiar{\'a}in$^1$, Neasa N{\'\i} and Chasaide, Ailbhe N{\'\i}},
  journal={CALL communities and culture--short papers from EUROCALL 2016},
  pages={330},
  year={2016},
  publisher={Research-publishing. net}
}
@article{chiarain2018scealai,
  title={An Sc{\'e}ala{\'\i}: synthetic voices for autonomous learning},
  author={Chiar{\'a}in, Neasa N{\'\i} and Chasaide, Ailbhe N{\'\i}},
  journal={Future-proof CALL: language learning as exploration and encounters--short papers from EUROCALL},
  pages={230--235},
  year={2018}
}
@article{chiarain2022corpas,
  title={An Corpas Cliste: creating a learner corpus for Irish from a new, purpose-built iCALL platform},
  author={Chiar{\'a}in, Neasa N{\'\i}},
  journal={Intelligent CALL, granular systems and learner data: short papers from EUROCALL 2022},
  pages={297},
  year={2022},
  publisher={Research-publishing. net}
}
@inproceedings{chiarain2022scealaiminoritylang,
  title={Using speech and NLP resources to build an iCALL platform for a minority language, the story of An Sc{\'e}ala{\'\i}, the Irish experience to date},
  author={Chiar{\'a}in, Neasa N{\'\i} and Nolan, Ois{\'\i}n and Comtois, Madeleine and Robinson-Gunning, Neimhin and Berthelsen, Harald and Chasaide, Ailbhe Ni},
  booktitle={Proceedings of the Fifth Workshop on the Use of Computational Methods in the Study of Endangered Languages},
  pages={109--118},
  year={2022}
}
@article{collins2019gaeltechvr,
  title={Gaeltechvr: Measuring the impact of an immersive virtual environment to promote situated identity in irish language learning},
  author={Collins, Naoise and Vaughan, Brian and Cullen, Charlie and Gardner, Keith},
  journal={Journal For Virtual Worlds Research},
  volume={12},
  number={3},
  year={2019}
}
@phdthesis{collins2021situated,
  title={Situated Immersive Gaming Environments for Irish Language Learning},
  author={Collins, Naoise},
  year={2021},
  publisher={Technological University Dublin}
}
@phdthesis{mac2023learning,
  title={Learning to express, learning as self-expression: a multimethod investigation of the L2 selves of distance adult Irish L2 learners},
  author={Mac Lochlainn, Conch{\'u}r},
  year={2023},
  school={Dublin City University}
}
@article{conneau2020unsupervised,
  title={Unsupervised cross-lingual representation learning for speech recognition},
  author={Conneau, Alexis and Baevski, Alexei and Collobert, Ronan and Mohamed, Abdelrahman and Auli, Michael},
  journal={arXiv preprint arXiv:2006.13979},
  year={2020}
}
@article{deichler2024mm,
  title={MM-Conv: A Multi-Modal Conversational Dataset for Virtual Humans},
  author={Deichler, Anna and O'Regan, Jim and Beskow, Jonas},
  journal={arXiv preprint arXiv:2410.00253},
  year={2024}
}
@article{bradlow2008training,
  title={Training non-native language sound patterns},
  author={Bradlow, Ann R and Hansen, J and Zampini, M},
  journal={Phonology and second language acquisition},
  pages={287--308},
  year={2008}
}
@article{kheir2023AutoPronAss,
  title={Automatic Pronunciation Assessment--A Review},
  author={Kheir, Yassine El and Ali, Ahmed and Chowdhury, Shammur Absar},
  journal={arXiv preprint arXiv:2310.13974},
  year={2023}
}
@inproceedings{elkheir2024MLMD,
  title={L1-aware multilingual mispronunciation detection framework},
  author={El Kheir, Yassine and Chowdhury, Shammur Absar and Ali, Ahmed},
  booktitle={ICASSP 2024-2024 IEEE International Conference on Acoustics, Speech and Signal Processing (ICASSP)},
  pages={12752--12756},
  year={2024},
  organization={IEEE}
}
@misc{elkheir2023speechblender,
  title={Mispronunciation Detection with SpeechBlender Data Augmentation Pipeline},
  author={Elkheir, Yassine},
  year={2023}
}
@article{eskenazi2009overview,
  title={An overview of spoken language technology for education},
  author={Eskenazi, Maxine},
  journal={Speech communication},
  volume={51},
  number={10},
  pages={832--844},
  year={2009},
  publisher={Elsevier}
}
@article{fu2021full,
  title={A full text-dependent end to end mispronunciation detection and diagnosis with easy data augmentation techniques},
  author={Fu, Kaiqi and Lin, Jones and Ke, Dengfeng and Xie, Yanlu and Zhang, Jinsong and Lin, Binghuai},
  journal={arXiv preprint arXiv:2104.08428},
  year={2021}
}
@article{gabriele2018english,
  title={English influence on L2 speakersâ€™ production of palatalization and velarization},
  author={Gabriele, Jennifer C},
  year={2018}
}
@inproceedings{graves2006connectionist,
  title={Connectionist temporal classification: labelling unsegmented sequence data with recurrent neural networks},
  author={Graves, Alex and Fern{\'a}ndez, Santiago and Gomez, Faustino and Schmidhuber, J{\"u}rgen},
  booktitle={Proceedings of the 23rd international conference on Machine learning},
  pages={369--376},
  year={2006}
}
@article{hardison2005second,
  title={Second-language spoken word identification: Effects of perceptual training, visual cues, and phonetic environment},
  author={Hardison, Debra M},
  journal={Applied Psycholinguistics},
  volume={26},
  number={4},
  pages={579--596},
  year={2005},
  publisher={Cambridge University Press}
}
@article{hedderich2020survey,
  title={A survey on recent approaches for natural language processing in low-resource scenarios},
  author={Hedderich, Michael A and Lange, Lukas and Adel, Heike and Str{\"o}tgen, Jannik and Klakow, Dietrich},
  journal={arXiv preprint arXiv:2010.12309},
  year={2020}
}
@phdthesis{holmberg2019designing,
  title={Designing for added pedagogical value: A design-based research study of teachersâ€™ educational design with ICT},
  author={Holmberg, J{\"o}rgen},
  year={2019},
  school={Department of Computer and Systems Sciences, Stockholm University}
}
@article{HomaDonald1984Rofc,
author = {Homa, Donald and Cultice, Joan C},
address = {Washington, DC},
copyright = {1984 American Psychological Association},
issn = {0278-7393},
journal = {Journal of experimental psychology. Learning, memory, and cognition},
keywords = {Concepts ; Feedback},
language = {eng},
number = {1},
pages = {83-94},
publisher = {American Psychological Association},
title = {Role of feedback, category size, and stimulus distortion on the acquisition and utilization of ill-defined categories},
volume = {10},
year = {1984},
}
@misc{hosseinikivanani2021experimentsasrbasedmispronunciationdetection,
      title={Experiments of ASR-based mispronunciation detection for children and adult English learners}, 
      author={Nina Hosseini-Kivanani and Roberto Gretter and Marco Matassoni and Giuseppe Daniele Falavigna},
      year={2021},
      eprint={2104.05980},
      archivePrefix={arXiv},
      primaryClass={cs.CL},
      url={https://arxiv.org/abs/2104.05980}, 
}
@inproceedings{islam2023exploring,
  title={Exploring speech representations for proficiency assessment in language learning},
  author={Islam, Elaf and Park, Chanho and Hain, Thomas},
  booktitle={9th Workshop on speech and language technology in education (SLaTE) proceedings},
  pages={151--155},
  year={2023},
  organization={International Speech Communication Association (ISCA)}
}
@article{kim2022automatic,
  title={Automatic pronunciation assessment using self-supervised speech representation learning},
  author={Kim, Eesung and Jeon, Jae-Jin and Seo, Hyeji and Kim, Hoon},
  journal={arXiv preprint arXiv:2204.03863},
  year={2022}
}
@inproceedings{kurzinger2020ctc,
  title={Ctc-segmentation of large corpora for german end-to-end speech recognition},
  author={K{\"u}rzinger, Ludwig and Winkelbauer, Dominik and Li, Lujun and Watzel, Tobias and Rigoll, Gerhard},
  booktitle={International Conference on Speech and Computer},
  pages={267--278},
  year={2020},
  organization={Springer}
}
@inproceedings{kyriakopoulos2018deep,
  title={A deep learning approach to assessing non-native pronunciation of English using phone distances},
  author={Kyriakopoulos, Konstantinos and Knill, Kate M and Gales, Mark JF},
  year={2018},
  organization={ISCA}
}
@article{levis2004teaching,
  title={Teaching intonation in discourse using speech visualization technology},
  author={Levis, John and Pickering, Lucy},
  journal={System},
  volume={32},
  number={4},
  pages={505--524},
  year={2004},
  publisher={Elsevier}
}
@article{levis2007computer,
  title={Computer technology in teaching and researching pronunciation},
  author={Levis, John},
  journal={Annual review of applied linguistics},
  volume={27},
  pages={184--202},
  year={2007},
  publisher={Cambridge University Press}
}
@article{Li2017MispronunciationDA,
  title={Mispronunciation Detection and Diagnosis in L2 English Speech Using Multidistribution Deep Neural Networks},
  author={Kun Li and Xiaojun Qian and Helen M. Meng},
  journal={IEEE/ACM Transactions on Audio, Speech, and Language Processing},
  year={2017},
  volume={25},
  pages={193-207},
  url={https://api.semanticscholar.org/CorpusID:260918575}
}
@article{Li2011ThePA,
  title={The Phoneme-Level Articulator Dynamics for Pronunciation Animation},
  author={Sheng Li and Lan Wang and En Qi},
  journal={2011 International Conference on Asian Language Processing},
  year={2011},
  pages={283-286},
  url={https://api.semanticscholar.org/CorpusID:3573805}
}
@article{Liu2022TowardsEU,
  title={Towards End-to-End Unsupervised Speech Recognition},
  author={Alexander H. Liu and Wei-Ning Hsu and Michael Auli and Alexei Baevski},
  journal={2022 IEEE Spoken Language Technology Workshop (SLT)},
  year={2022},
  pages={221-228},
  url={https://api.semanticscholar.org/CorpusID:247996903}
}
@article{Lonergan2024LowresourceSR,
  title={Low-resource speech recognition and dialect identification of Irish in a multi-task framework},
  author={Liam Lonergan and Mengjie Qian and Neasa N'i Chiar'ain and Christer Gobl and Ailbhe N{\'i} Chasaide},
  journal={ArXiv},
  year={2024},
  volume={abs/2405.01293},
  url={https://api.semanticscholar.org/CorpusID:269502457}
}
@article{MacLochlainn2021ClickingBC,
  title={Clicking, but connecting? L2 learning engagement on an ab initio Irish language LMOOC},
  author={Conch{\'u}r Mac Lochlainn and Mair{\'e}ad Nic Giolla Mhich{\'i}l and Elaine Beirne},
  journal={ReCALL},
  year={2021},
  volume={33},
  pages={111 - 127},
  url={https://api.semanticscholar.org/CorpusID:233362718}
}
@article{Magueresse2020LowresourceLA,
  title={Low-resource Languages: A Review of Past Work and Future Challenges},
  author={Alexandre Magueresse and Vincent Carles and Evan Heetderks},
  journal={ArXiv},
  year={2020},
  volume={abs/2006.07264},
  url={https://api.semanticscholar.org/CorpusID:219636137}
}
@inproceedings{Manohar2024WhatIL,
  title={What is lost in Normalization? Exploring Pitfalls in Multilingual ASR Model Evaluations},
  author={Kavya Manohar and Leena G. Pillai},
  booktitle={Conference on Empirical Methods in Natural Language Processing},
  year={2024},
  url={https://api.semanticscholar.org/CorpusID:272397702}
}
@article{Lyster2012OralCF,
  title={Oral corrective feedback in second language classrooms},
  author={Roy Lyster and Kazuya Saito and Masatoshi Sato},
  journal={Language Teaching},
  year={2012},
  volume={46},
  pages={1 - 40},
  url={https://api.semanticscholar.org/CorpusID:145357194}
}
@article{Neri2008TheEO,
  title={The effectiveness of computer assisted pronunciation training for foreign language learning by children},
  author={Ambra Neri and Ornella Mich and Matteo Gerosa and Diego Giuliani},
  journal={Computer Assisted Language Learning},
  year={2008},
  volume={21},
  pages={393 - 408},
  url={https://api.semanticscholar.org/CorpusID:12878916}
}