@Book{joyce22,
  author = 	 {Joyce, James},
  title = 	 {Ulysses},
  publisher = 	 {Egoist Press},
  location =     {London},
  year = 	 1922}

@Book{eckler01,
  author = 	 {Eckler, Ross},
  title = 	 {Making the Alphabet Dance},
  subtitle =     {Recreational Wordplay},
  publisher = 	 {Macmillan},
  location =     {London},
  year = 	 2001}

@Article{eckler91,
  author = 	 {Eckler, Ross},
  editor = 	 {Eckler, Ross},
  title = 	 {Leigh Mercer, Palindromist},
  journaltitle = {Word Ways: The Journal of Recreational Linguistics},
  year = 	 1991,
  pages = 	 131,
  month = 	 8}

@InCollection{adamczewski10,
  author = 	 {Adamczewski, Boris and Bugeaud, Yann},
  editor = 	 {Valérie, Berthé and Rigo, Michael},
  title = 	 {Transcendence and Diophantine approximation},
  booktitle =    {Combinatorics, Automata and Number Theory},
  chapter = 	 8,
  publisher = 	 {Cambridge University Press},
  year = 	 2010,
  volume = 	 135,
  address = 	 {Cambridge},
  pages = 	 {410--451},
  doi =          {10.1017/CBO9780511777653.009},
}
@book{SLA2013routledge,
  title={The Routledge handbook of second language acquisition},
  author={Gass, Susan M and Mackey, Alison},
  year={2013},
  publisher={Routledge}
}
@book{smith2023langtoolkit,
  title={The Language teacher toolkit},
  author={Smith, Steve and Conti, Gianfranco},
  publisher={Piefke Trading},
  location={Singapore},
  year={2023}
}
@inproceedings{watanabe2018espnet,
  author={Shinji Watanabe and Takaaki Hori and Shigeki Karita and Tomoki Hayashi and Jiro Nishitoba and Yuya Unno and Nelson {Enrique Yalta Soplin} and Jahn Heymann and Matthew Wiesner and Nanxin Chen and Adithya Renduchintala and Tsubasa Ochiai},
  title={{ESPnet}: End-to-End Speech Processing Toolkit},
  year={2018},
  booktitle={Proceedings of Interspeech},
  pages={2207--2211},
  doi={10.21437/Interspeech.2018-1456},
  url={http://dx.doi.org/10.21437/Interspeech.2018-1456}
}
@inproceedings{hayashi2020espnet,
  title={{Espnet-TTS}: Unified, reproducible, and integratable open source end-to-end text-to-speech toolkit},
  author={Hayashi, Tomoki and Yamamoto, Ryuichi and Inoue, Katsuki and Yoshimura, Takenori and Watanabe, Shinji and Toda, Tomoki and Takeda, Kazuya and Zhang, Yu and Tan, Xu},
  booktitle={Proceedings of IEEE International Conference on Acoustics, Speech and Signal Processing (ICASSP)},
  pages={7654--7658},
  year={2020},
  organization={IEEE}
}